%% This BibTeX bibliography file was created using BibDesk.
%% http://bibdesk.sourceforge.net/


%% Created for Michael Burgess at 2013-09-18 22:23:46 -0500 


%% Saved with string encoding Unicode (UTF-8) 



@article{2013arXiv1304.6680D,
	Author = {Dermer, C. and others},
	Date-Added = {2013-09-14 15:58:36 -0500},
	Date-Modified = {2013-09-14 15:59:23 -0500},
	Journal = {arXiv},
	Number = {1304.6680},
	Year = {2013}}

@article{sari:1998,
	Author = {Sari, R and Piran, T. and Narayan, R.},
	Date-Added = {2013-09-14 15:18:52 -0500},
	Date-Modified = {2013-09-14 15:22:28 -0500},
	Journal = {ApJ},
	Pages = {L17},
	Volume = {497},
	Year = {1998}}

@article{2010OAJ.....3..150R,
	Author = {Razzaque, S. and Dermer, C., and Finke, J.},
	Date-Added = {2013-09-13 17:30:07 -0500},
	Date-Modified = {2013-09-13 17:31:05 -0500},
	Journal = {The Open Astronomy Journal},
	Pages = {150},
	Volume = {3},
	Year = {2010}}

@article{2009JPhCS.189a2018G,
	Author = {Giannios, D.},
	Date-Added = {2013-09-13 17:27:29 -0500},
	Date-Modified = {2013-09-13 17:28:28 -0500},
	Journal = {Journal of Physics Conference Series},
	Pages = {012018},
	Volume = {189},
	Year = {2009}}

@article{2013ApJ...769...69B,
	Author = {Beniamini, P. and Piran, T.},
	Date-Added = {2013-09-13 17:24:23 -0500},
	Date-Modified = {2013-09-13 17:25:30 -0500},
	Journal = {ApJ},
	Pages = {69},
	Volume = {769},
	Year = {2013}}

@article{Fenimore:1982,
	Author = {Fenimore, E. and others},
	Date-Added = {2013-08-16 19:52:03 -0500},
	Date-Modified = {2013-08-16 19:52:03 -0500},
	Journal = {Nature},
	Pages = {665},
	Volume = {297},
	Year = {1982}}

@article{matz,
	Author = {Matz, S. and others},
	Date-Added = {2013-08-16 19:52:03 -0500},
	Date-Modified = {2013-08-16 19:52:03 -0500},
	Journal = {ApJ},
	Pages = {L37},
	Volume = {288},
	Year = {1985}}

@article{Mazets:1981,
	Author = {Mazets, E. and others},
	Date-Added = {2013-08-16 19:52:03 -0500},
	Date-Modified = {2013-08-16 19:52:03 -0500},
	Journal = {Nature},
	Pages = {378},
	Volume = {290},
	Year = {1981}}

@article{Goodman:1986,
	Author = {Goodman, J},
	Date-Added = {2013-08-15 19:39:17 -0500},
	Date-Modified = {2013-08-15 19:39:17 -0500},
	Journal = {ApJ},
	Pages = {L47},
	Volume = {308},
	Year = {1986}}

@article{andreas:2013,
	Author = {von Kienlin, A.},
	Date-Added = {2013-08-15 19:39:17 -0500},
	Date-Modified = {2013-08-15 19:39:17 -0500},
	Journal = {GCN Circulars},
	Volume = {14473},
	Year = {2013}}

@article{horst:2009,
	Author = {van der Horst, A.},
	Date-Added = {2013-08-15 19:39:17 -0500},
	Date-Modified = {2013-08-15 19:39:17 -0500},
	Journal = {GCN Circulars},
	Volume = {9693},
	Year = {2009}}

@article{tierney:2011,
	Author = {Tierney, D. and others},
	Date-Added = {2013-08-15 19:39:17 -0500},
	Date-Modified = {2013-08-15 19:39:17 -0500},
	Journal = {GCN Circulars},
	Volume = {12187},
	Year = {2011}}

@article{wilson:2010,
	Author = {Wilson-Hodge, C. and others},
	Date-Added = {2013-08-15 19:39:17 -0500},
	Date-Modified = {2013-08-15 19:39:17 -0500},
	Journal = {GCN Circular},
	Volume = {10944},
	Year = {2010}}

@article{wilson:2008,
	Author = {Wilson-Hodge, C. and others},
	Date-Added = {2013-08-15 19:39:17 -0500},
	Date-Modified = {2013-08-15 19:39:17 -0500},
	Journal = {GCN Circular},
	Volume = {8723},
	Year = {2008}}

@article{Guiriec:2010,
	Author = {Guiriec, S. and others},
	Date-Added = {2013-08-15 19:39:17 -0500},
	Date-Modified = {2013-08-15 19:39:17 -0500},
	Journal = {ApJL},
	Pages = {L33},
	Volume = {727},
	Year = {2010}}

@article{Burgess:2012,
	Author = {Burgess, J. M. and others},
	Date-Added = {2013-08-15 19:39:17 -0500},
	Date-Modified = {2013-08-15 19:39:17 -0500},
	Journal = {ApJ},
	Pages = {24},
	Volume = {741},
	Year = {2012}}

@article{Veres+12fit,
	Author = {Veres, P. and Zhang, B. B. and M\'esz\'aros, P.},
	Date-Added = {2013-08-15 19:39:17 -0500},
	Date-Modified = {2013-08-15 19:39:17 -0500},
	Journal = {ApJ},
	Pages = {94},
	Volume = {764},
	Year = {2013}}

@article{Meszaros+11gevmag,
	Author = {M\'esz\'aros, P. and Rees, M. J.},
	Date-Added = {2013-08-15 19:39:17 -0500},
	Date-Modified = {2013-08-15 19:39:17 -0500},
	Journal = {ApJ},
	Pages = {L40},
	Volume = {733},
	Year = {2011}}

@article{Meszaros+93gasdyn,
	Author = {M\'esz\'aros, P. and Laguna, P. and Rees, M. J.},
	Date-Added = {2013-08-15 19:39:17 -0500},
	Date-Modified = {2013-08-15 19:39:17 -0500},
	Journal = {ApJ},
	Pages = {181},
	Volume = {415},
	Year = {1993}}

@article{McKinney+11switch,
	Author = {McKinneym J. C. and Uzdensky, D. A.},
	Date-Added = {2013-08-15 19:39:17 -0500},
	Date-Modified = {2013-08-15 19:39:17 -0500},
	Journal = {MNRAS},
	Pages = {1011.1904},
	Volume = {1766},
	Year = {2011}}

@article{Giannios+07photspec,
	Author = {Giannios, D. and Spruit, H.},
	Date-Added = {2013-08-15 19:39:17 -0500},
	Date-Modified = {2013-08-15 19:39:17 -0500},
	Journal = {A\&A},
	Pages = {1},
	Volume = {469},
	Year = {2007}}

@article{Drenkhahn02,
	Author = {Drenkhahn, G.},
	Date-Added = {2013-08-15 19:39:17 -0500},
	Date-Modified = {2013-08-15 19:39:17 -0500},
	Journal = {A\&A},
	Pages = {714},
	Volume = {387},
	Year = {2002}}

@article{preece:2013,
	Author = {Preece, R. D. and Burgess, J. M. and others},
	Date-Added = {2013-08-14 15:34:46 -0500},
	Date-Modified = {2013-08-14 15:35:08 -0500},
	Journal = {Science},
	Year = {2013}}

@article{Burgess:2013,
	Author = {Burgess, J. M. and others},
	Date-Added = {2013-08-14 14:51:17 -0500},
	Date-Modified = {2013-08-14 14:51:40 -0500},
	Journal = {ApJ},
	Year = {2013}}

@book{longair,
	Author = {Longair, M.},
	Date-Added = {2013-08-14 14:43:45 -0500},
	Date-Modified = {2013-08-14 14:45:08 -0500},
	Edition = {3},
	Isbn = {9781139494540},
	Publisher = {Cambridge University Press},
	Title = {High Energy Astrophysics},
	Url = {http://books.google.com/books?id=KGe3FVbDNk4C},
	Year = {2011},
	Bdsk-Url-1 = {http://books.google.com/books?id=KGe3FVbDNk4C}}

@article{Protassov:2002,
	Author = {Protassov, R. and others},
	Date-Added = {2013-08-13 23:07:43 -0500},
	Date-Modified = {2013-08-13 23:10:16 -0500},
	Journal = {ApJ},
	Pages = {545},
	Volume = {571},
	Year = {2002}}

@article{Scargle:2013,
	Author = {Scargle, J. and Norris, J. and Jackson, B. and Chiang, J.},
	Date-Added = {2013-08-13 22:36:54 -0500},
	Date-Modified = {2013-08-14 00:55:51 -0500},
	Journal = {ApJ},
	Pages = {167},
	Volume = {764},
	Year = {2013}}

@article{Peer:2007,
	Author = {Pe'er, A. and others},
	Date-Added = {2013-08-13 16:11:13 -0500},
	Date-Modified = {2013-08-13 16:11:39 -0500},
	Journal = {ApJ},
	Pages = {L1},
	Volume = {664},
	Year = {2007}}

@article{Lyutikov:2013,
	Author = {Lyutikov, M. and Lazarian, A.},
	Date-Added = {2013-08-13 15:51:07 -0500},
	Date-Modified = {2013-08-13 15:51:57 -0500},
	Journal = {Space Science Rev.},
	Volume = {74},
	Year = {2013}}

@article{Lazar:2009,
	Author = {Lazar, A. and Nakar, E. and Piran, T.},
	Date-Added = {2013-08-13 15:48:25 -0500},
	Date-Modified = {2013-08-13 15:49:29 -0500},
	Journal = {ApJ},
	Pages = {L10},
	Volume = {695},
	Year = {2009}}

@article{Ghisellini:2000,
	Author = {Ghisellini, G. and others},
	Date-Added = {2013-08-13 15:42:21 -0500},
	Date-Modified = {2013-08-13 15:43:06 -0500},
	Journal = {MNRAS},
	Pages = {L1},
	Volume = {313},
	Year = {2000}}

@article{Cohen:1997,
	Author = {Cohen, E. and others},
	Date-Added = {2013-08-13 15:41:34 -0500},
	Date-Modified = {2013-08-13 15:42:17 -0500},
	Journal = {ApJ},
	Pages = {330},
	Volume = {488},
	Year = {1997}}

@article{Guiriec:2011,
	Author = {Guiriec, S. and Connaughton, V. and Briggs, M. and Burgess, J. M. and others},
	Date-Added = {2013-08-13 15:39:01 -0500},
	Date-Modified = {2013-08-13 15:40:25 -0500},
	Journal = {ApJ},
	Pages = {L33},
	Volume = {727},
	Year = {2011}}

@article{Crider:1999,
	Author = {Crider, A. and others},
	Date-Added = {2013-08-13 15:22:51 -0500},
	Date-Modified = {2013-08-13 15:23:34 -0500},
	Journal = {ApJ},
	Pages = {206},
	Volume = {519},
	Year = {1999}}

@article{Genet:2009,
	Author = {Genet, F. and Granot, J.},
	Date-Added = {2013-08-13 15:13:13 -0500},
	Date-Modified = {2013-08-13 15:14:16 -0500},
	Journal = {MNRAS},
	Pages = {1328},
	Volume = {399},
	Year = {2009}}

@article{Kumar:2000,
	Author = {Kumar, P. and Panaitescu, A.},
	Date-Added = {2013-08-13 15:12:11 -0500},
	Date-Modified = {2013-08-13 15:13:03 -0500},
	Journal = {ApJ},
	Pages = {L51},
	Volume = {541},
	Year = {2000}}

@article{Ghisellini:2010,
	Author = {Ghirlanda, G. and Nava, L. and Ghisellini, G.},
	Date-Added = {2013-08-13 15:04:16 -0500},
	Date-Modified = {2013-08-13 15:05:10 -0500},
	Journal = {A\&A},
	Pages = {A43},
	Volume = {511},
	Year = {2010}}

@article{Baring:2006,
	Author = {Baring, M.},
	Date-Added = {2013-08-13 14:35:34 -0500},
	Date-Modified = {2013-08-13 14:36:42 -0500},
	Journal = {Adv. Space. Res.},
	Pages = {1281},
	Volume = {38},
	Year = {2006}}

@article{Kirk:2000,
	Author = {Kirk, J. and others},
	Date-Added = {2013-08-13 14:29:16 -0500},
	Date-Modified = {2013-08-13 14:32:07 -0500},
	Journal = {ApJ},
	Pages = {235},
	Volume = {542},
	Year = {2000}}

@book{Arnaud:2011,
	Author = {Arnaud, S. and Siemiginowska, A.},
	Date-Added = {2013-08-13 13:21:34 -0500},
	Date-Modified = {2013-08-13 13:23:04 -0500},
	Publisher = {Cambridge University Press},
	Title = {Handbook of X-ray Astronomy},
	Year = {2011}}

@article{Ackerman:2012,
	Author = {Ackermann, M. and others},
	Date-Added = {2013-08-13 13:15:23 -0500},
	Date-Modified = {2013-08-13 13:15:52 -0500},
	Journal = {ApJS},
	Pages = {4},
	Volume = {203},
	Year = {2012}}

@article{Ack:2012a,
	Author = {Ackermann, M. and others},
	Date-Added = {2013-08-13 13:13:41 -0500},
	Date-Modified = {2013-08-13 13:15:08 -0500},
	Journal = {ApJ},
	Pages = {144},
	Volume = {745},
	Year = {2012}}

@article{Vero:2010,
	Author = {Pelassa, V. and others},
	Date-Added = {2013-08-13 13:12:03 -0500},
	Date-Modified = {2013-08-13 13:13:27 -0500},
	Journal = {Proceedings for the 2009 Fermi Symposium. eConf Proceedings},
	Number = {C091122},
	Year = {2009}}

@article{GRB110721A,
	Author = {Tierney, D.},
	Date-Added = {2013-08-13 13:11:11 -0500},
	Date-Modified = {2013-08-13 13:11:32 -0500},
	Journal = {GCN Circulars},
	Year = {2011}}

@article{GRB100707A,
	Author = {Wilson-Hodge, C. and others},
	Date-Added = {2013-08-13 13:10:30 -0500},
	Date-Modified = {2013-08-13 13:10:55 -0500},
	Journal = {GCN Circulars},
	Year = {2010}}

@article{GRB090719A,
	Author = {van der Horst, A.},
	Date-Added = {2013-08-13 13:09:40 -0500},
	Date-Modified = {2013-08-13 13:10:10 -0500},
	Journal = {GCN Circulars},
	Year = {2009}}

@article{GRB081224A,
	Author = {Wilson-Hodge, C.},
	Date-Added = {2013-08-13 13:08:47 -0500},
	Date-Modified = {2013-08-13 13:09:29 -0500},
	Journal = {GCN Circulars},
	Year = {2008}}

@article{GRB081110A,
	Author = {McBreen, S. and others},
	Date-Added = {2013-08-13 13:06:23 -0500},
	Date-Modified = {2013-08-13 13:08:41 -0500},
	Journal = {GCN Circulars},
	Year = {2008}}

@article{Iyyani:2013,
	Author = {Iyyani, S. and others},
	Date-Added = {2013-08-13 12:42:18 -0500},
	Date-Modified = {2013-08-13 12:42:49 -0500},
	Journal = {MNRAS},
	Year = {2013}}

@article{Peer:2011,
	Author = {Pe'er, A. and Ryde, F.},
	Date-Added = {2013-08-13 12:40:41 -0500},
	Date-Modified = {2013-08-13 12:41:14 -0500},
	Journal = {ApJ},
	Pages = {49},
	Volume = {732},
	Year = {2011}}

@article{Ryde:2010,
	Author = {Ryde, F. and others},
	Date-Added = {2013-08-13 12:39:14 -0500},
	Date-Modified = {2013-08-13 12:40:11 -0500},
	Journal = {ApJ},
	Pages = {L172},
	Volume = {709},
	Year = {2010}}

@article{Peer:2004,
	Author = {Pe'er, A. and Waxman, E.},
	Date-Added = {2013-08-13 12:35:06 -0500},
	Date-Modified = {2013-08-13 12:35:54 -0500},
	Journal = {ApJ},
	Pages = {48},
	Volume = {613},
	Year = {2004}}

@book{2009herb.book.....D,
	Author = {Dermer, C. and Menon, G.},
	Date-Added = {2013-08-13 12:33:17 -0500},
	Date-Modified = {2013-09-14 15:56:26 -0500},
	Publisher = {Princeton},
	Title = {High Energy Radiation from Black Holes},
	Year = {2009}}

@article{Dermer:2001,
	Author = {Dermer, C. and Humi, M.},
	Date-Added = {2013-08-13 12:31:28 -0500},
	Date-Modified = {2013-08-13 12:32:31 -0500},
	Journal = {ApJ},
	Pages = {479},
	Volume = {556},
	Year = {2001}}

@article{Waxman:1995,
	Author = {Waxman, E.},
	Date-Added = {2013-08-13 12:30:43 -0500},
	Date-Modified = {2013-08-13 12:31:25 -0500},
	Journal = {Phys. Rev. Lett.},
	Pages = {386},
	Volume = {75},
	Year = {1995}}

@article{Beloborodov:2012,
	Author = {Beloborodov, A.},
	Date-Added = {2013-08-13 12:28:02 -0500},
	Date-Modified = {2013-08-13 12:28:56 -0500},
	Journal = {ApJ},
	Pages = {157},
	Volume = {764},
	Year = {2013}}

@article{Meszaros:2000,
	Author = {M\'esz\'aros, P. and Rees, M. J.},
	Date-Added = {2013-08-13 12:21:29 -0500},
	Date-Modified = {2013-08-13 12:22:13 -0500},
	Journal = {ApJ},
	Pages = {292},
	Volume = {530},
	Year = {2000}}

@article{Preece:2002,
	Author = {Preece, R. D. and Briggs, M. and Giblin, T. and Mallozzi, R.},
	Date-Added = {2013-08-11 13:58:02 -0500},
	Date-Modified = {2013-08-11 13:59:44 -0500},
	Journal = {ApJ},
	Pages = {1248},
	Volume = {581},
	Year = {2002}}

@article{GCN-CORONAS,
	Author = {Chakrabarti, S.},
	Date-Added = {2013-08-11 13:08:55 -0500},
	Date-Modified = {2013-08-11 13:09:58 -0500},
	Journal = {GCN Circulars},
	Volume = {9833},
	Year = {2009}}

@article{grb090820A,
	Author = {Connaughton},
	Date-Added = {2013-08-11 13:07:27 -0500},
	Date-Modified = {2013-08-11 13:08:48 -0500},
	Journal = {GCN Circulars},
	Volume = {9829},
	Year = {2009}}

@article{briggsann,
	Author = {Briggs, M. and others},
	Date-Added = {2013-08-11 13:05:15 -0500},
	Date-Modified = {2013-08-11 13:06:10 -0500},
	Journal = {in prep},
	Year = {2011}}

@article{Taylor:1950,
	Author = {Taylor, G.},
	Date-Added = {2013-08-10 09:34:03 -0500},
	Date-Modified = {2013-08-10 09:34:53 -0500},
	Journal = {Proc. R. Soc. London A},
	Pages = {159},
	Volume = {201},
	Year = {1950}}

@article{Sedov:1946,
	Author = {Sedov, L.},
	Date-Added = {2013-08-10 09:32:51 -0500},
	Date-Modified = {2013-08-10 09:33:59 -0500},
	Journal = {Prikl. Mat. i Mekh},
	Pages = {241},
	Volume = {10},
	Year = {1946}}

@article{Kobayashi:1999,
	Author = {Kobayashi, S. and Piran, T. and Sari, R.},
	Date-Added = {2013-08-10 09:20:48 -0500},
	Date-Modified = {2013-08-10 09:21:42 -0500},
	Journal = {ApJ},
	Pages = {669},
	Volume = {513},
	Year = {1999}}

@url{xspec,
	Date-Added = {2013-08-09 00:08:50 -0500},
	Date-Modified = {2013-09-18 22:20:30 -0500},
	Title = {\url{http://heasarc.nasa.gov/xanadu/xspec/}},
	Url = {http://heasarc.nasa.gov/xanadu/xspec/},
	Bdsk-Url-1 = {http://heasarc.nasa.gov/xanadu/xspec/}}

@book{numrecipes,
	Author = {Press, W.H.},
	Date-Added = {2013-08-09 00:06:07 -0500},
	Date-Modified = {2013-08-09 00:06:28 -0500},
	Isbn = {9780521880688},
	Lccn = {89015841},
	Publisher = {Cambridge University Press},
	Title = {Numerical Recipes 3rd Edition: The Art of Scientific Computing},
	Url = {http://books.google.com/books?id=1aAOdzK3FegC},
	Year = {2007},
	Bdsk-Url-1 = {http://books.google.com/books?id=1aAOdzK3FegC}}

@url{gsl,
	Date-Added = {2013-08-09 00:03:30 -0500},
	Date-Modified = {2013-09-18 22:20:58 -0500},
	Title = {\url{http://www.gnu.org/software/gsl/}},
	Url = {http://www.gnu.org/software/gsl/},
	Bdsk-Url-1 = {http://www.gnu.org/software/gsl/}}

@url{rmfit,
	Date-Added = {2013-08-09 00:01:21 -0500},
	Date-Modified = {2013-09-18 22:20:43 -0500},
	Title = {\url{http://fermi.gsfc.nasa.gov/ssc/data/analysis/rmfit/}},
	Url = {http://fermi.gsfc.nasa.gov/ssc/data/analysis/rmfit/},
	Bdsk-Url-1 = {http://fermi.gsfc.nasa.gov/ssc/data/analysis/rmfit/}}

@article{Kobayashi:1997,
	Author = {Kobayashi, S. and Piran, T. and Sari, R.},
	Date-Added = {2013-08-08 23:00:53 -0500},
	Date-Modified = {2013-08-08 23:01:42 -0500},
	Journal = {ApJ},
	Pages = {92},
	Volume = {490},
	Year = {1997}}

@article{Cannizzo:2004,
	Author = {Cannizzo, J. and Gehrels, N. and Vishniac, E.},
	Date-Added = {2013-08-08 22:47:08 -0500},
	Date-Modified = {2013-08-08 22:47:58 -0500},
	Journal = {ApJ},
	Pages = {380},
	Volume = {601},
	Year = {2004}}

@article{Chiang:1999,
	Author = {Chiang, J. and Dermer, C.},
	Date-Added = {2013-08-08 22:46:07 -0500},
	Date-Modified = {2013-08-08 22:46:39 -0500},
	Journal = {ApJ},
	Pages = {699},
	Volume = {512},
	Year = {1999}}

@article{Pana:1998,
	Author = {Panaitescu, A. and M\'esz\'aros, P.},
	Date-Added = {2013-08-08 22:44:26 -0500},
	Date-Modified = {2013-08-08 22:45:02 -0500},
	Journal = {ApJ},
	Pages = {683},
	Volume = {492},
	Year = {1998}}

@article{Asano:2009,
	Author = {Asano, K. and Inoue, S. and M\'esz\'aros, P.},
	Date-Added = {2013-08-08 22:42:38 -0500},
	Date-Modified = {2013-08-08 22:43:29 -0500},
	Journal = {ApJ},
	Pages = {953},
	Volume = {699},
	Year = {2009}}

@article{Daigne:2009,
	Author = {Bosnjak, Z. and Daigne, F. and Dubus, G.},
	Date-Added = {2013-08-08 22:40:51 -0500},
	Date-Modified = {2013-08-08 22:41:58 -0500},
	Journal = {A\&A},
	Pages = {677},
	Volume = {498},
	Year = {2009}}

@article{Ryde:2001,
	Author = {Borgonovo, L. and Ryde, F.},
	Date-Added = {2013-08-08 22:13:17 -0500},
	Date-Modified = {2013-08-08 22:13:56 -0500},
	Journal = {ApJ},
	Pages = {770},
	Volume = {548},
	Year = {2001}}

@article{Norris:1999,
	Author = {Norris, J. and Bonnell, J. and Watanabe, K.},
	Date-Added = {2013-08-08 22:11:21 -0500},
	Date-Modified = {2013-08-08 22:12:08 -0500},
	Journal = {ApJ},
	Pages = {901},
	Volume = {518},
	Year = {1999}}

@article{Dermer:2004,
	Author = {Dermer, C.},
	Date-Added = {2013-08-08 22:09:57 -0500},
	Date-Modified = {2013-08-08 22:10:27 -0500},
	Journal = {ApJ},
	Pages = {284},
	Volume = {614},
	Year = {2004}}

@article{Kocevski:2003,
	Author = {Kocevski, D. and Ryde, F. and Liang, E.},
	Date-Added = {2013-08-08 22:07:44 -0500},
	Date-Modified = {2013-08-08 22:08:57 -0500},
	Journal = {ApJ},
	Pages = {389},
	Volume = {596},
	Year = {2004}}

@article{Fenimore:1996,
	Author = {Fenimore, E. and Madras, C. and Nayakshin, S.},
	Date-Added = {2013-08-08 22:06:03 -0500},
	Date-Modified = {2013-08-08 22:07:27 -0500},
	Journal = {ApJ},
	Pages = {998},
	Volume = {473},
	Year = {1996}}

@article{Ruiz:2000,
	Author = {Ramirez-Ruiz, E. and Fenimore, E.},
	Date-Added = {2013-08-08 22:04:18 -0500},
	Date-Modified = {2013-08-08 22:05:21 -0500},
	Journal = {ApJ},
	Pages = {712},
	Volume = {539},
	Year = {2000}}

@article{Rees:1966,
	Author = {Rees, M. J.},
	Date-Added = {2013-08-08 21:26:49 -0500},
	Date-Modified = {2013-08-08 21:27:26 -0500},
	Journal = {Nature},
	Pages = {468},
	Volume = {211},
	Year = {1966}}

@url{valerieSite,
	Date-Added = {2013-08-08 21:15:02 -0500},
	Date-Modified = {2013-09-18 22:19:42 -0500},
	Title = {\url{http://www.batse.msfc.nasa.gov/gbm/science/grbs/month_listings/}},
	Url = {http://www.batse.msfc.nasa.gov/gbm/science/grbs/month_listings/},
	Bdsk-Url-1 = {http://www.batse.msfc.nasa.gov/gbm/science/grbs/month_listings/}}

@article{golenetskii:1983,
	Author = {Golenetskii, S. and Mazets, E. and Aptekar, R. and Ilinkskii, V.},
	Date-Added = {2013-08-08 20:51:36 -0500},
	Date-Modified = {2013-08-08 20:53:12 -0500},
	Journal = {Nature},
	Pages = {451},
	Volume = {306},
	Year = {1983}}

@article{Liang:1996,
	Author = {Liang, E. and Kargatis, V.},
	Date-Added = {2013-08-08 20:43:57 -0500},
	Date-Modified = {2013-08-08 20:45:05 -0500},
	Journal = {Nature},
	Pages = {49},
	Volume = {381},
	Year = {1996}}

@article{Medvedev:2006,
	Author = {Medvedev, M.},
	Date-Added = {2013-08-08 20:43:07 -0500},
	Date-Modified = {2013-08-08 20:43:50 -0500},
	Journal = {ApJ},
	Pages = {869},
	Volume = {637},
	Year = {2006}}

@article{Liang:1997,
	Author = {Liang, E. and others},
	Date-Added = {2013-08-08 20:40:59 -0500},
	Date-Modified = {2013-08-08 20:41:44 -0500},
	Journal = {ApJ},
	Pages = {L35},
	Volume = {479},
	Year = {1997}}

@article{Ryde:2009,
	Author = {Ryde, F. and Pe'er, A.},
	Date-Added = {2013-08-08 19:37:27 -0500},
	Date-Modified = {2013-08-08 19:38:22 -0500},
	Journal = {ApJ},
	Pages = {1211},
	Volume = {702},
	Year = {2009}}

@article{Ryde:2006,
	Author = {Ryde, F. and others},
	Date-Added = {2013-08-08 19:32:43 -0500},
	Date-Modified = {2013-08-08 19:33:26 -0500},
	Journal = {ApJ},
	Pages = {1400},
	Volume = {652},
	Year = {2006}}

@article{Ryde:2005,
	Author = {Ryde, F.},
	Date-Added = {2013-08-08 19:31:48 -0500},
	Date-Modified = {2013-08-08 19:32:17 -0500},
	Journal = {ApJ},
	Pages = {L95},
	Volume = {625},
	Year = {2005}}

@article{Ryde:2004,
	Author = {Ryde, F.},
	Date-Added = {2013-08-08 19:30:15 -0500},
	Date-Modified = {2013-08-08 19:31:21 -0500},
	Journal = {ApJ},
	Pages = {827},
	Volume = {614},
	Year = {2004}}

@article{Axelsson:2012,
	Author = {Axelsson, M. and others},
	Date-Added = {2013-08-07 16:15:05 -0500},
	Date-Modified = {2013-08-07 16:16:28 -0500},
	Journal = {ApJ},
	Pages = {L31},
	Volume = {757},
	Year = {2012}}

@article{guiriec:2013,
	Author = {Guriec, S. and others},
	Date-Added = {2013-08-07 16:14:22 -0500},
	Date-Modified = {2013-08-07 16:14:56 -0500},
	Journal = {ApJ},
	Pages = {32},
	Volume = {770},
	Year = {2013}}

@article{guireic:2010,
	Author = {Guriec, S. and others},
	Date-Added = {2013-08-07 16:11:57 -0500},
	Date-Modified = {2013-08-07 16:13:12 -0500},
	Journal = {ApJ},
	Pages = {L33},
	Volume = {727},
	Year = {2011}}

@article{abdo+GRB090902B,
	Author = {Abdo, A. and others},
	Date-Added = {2013-08-07 16:09:04 -0500},
	Date-Modified = {2013-08-07 16:10:02 -0500},
	Journal = {ApJ},
	Pages = {L138},
	Volume = {706},
	Year = {2009}}

@article{gonzalez:2003,
	Author = {Gonzalez, M. and others},
	Date-Added = {2013-08-07 16:03:04 -0500},
	Date-Modified = {2013-08-07 16:03:41 -0500},
	Journal = {Nature},
	Pages = {749},
	Volume = {424},
	Year = {2003}}

@article{Beloborodov:2010,
	Author = {Beloborodov, A.},
	Date-Added = {2013-08-07 15:56:01 -0500},
	Date-Modified = {2013-08-07 15:56:48 -0500},
	Journal = {MNRAS},
	Pages = {1033},
	Volume = {407},
	Year = {2010}}

@article{piran:2013,
	Author = {Beniamini, P. and Piran, T.},
	Date-Added = {2013-08-07 15:54:21 -0500},
	Date-Modified = {2013-08-07 15:55:12 -0500},
	Journal = {ApJ},
	Pages = {69},
	Volume = {769},
	Year = {2013}}

@article{Daigne:2011,
	Author = {Daigne, F. and Bosnjak, Z. and Dubus, G.},
	Date-Added = {2013-08-07 15:51:01 -0500},
	Date-Modified = {2013-08-07 15:52:03 -0500},
	Journal = {A\&A},
	Pages = {A110},
	Volume = {526},
	Year = {2011}}

@article{Goldstein:2012,
	Author = {Goldstein, A. and Burgess, J. M. and others},
	Date-Added = {2013-08-07 15:46:29 -0500},
	Date-Modified = {2013-08-07 15:47:24 -0500},
	Journal = {ApJS},
	Pages = {19},
	Volume = {199},
	Year = {2012}}

@article{band:1993,
	Author = {Band, D. and others},
	Date-Added = {2013-08-07 15:42:57 -0500},
	Date-Modified = {2013-08-07 15:45:03 -0500},
	Journal = {ApJ},
	Pages = {281},
	Volume = {413},
	Year = {1993}}

@article{Schaefer:2003,
	Author = {Schaefer, B.},
	Date-Added = {2013-08-07 15:11:32 -0500},
	Date-Modified = {2013-08-07 15:12:12 -0500},
	Journal = {ApJ},
	Pages = {L71},
	Volume = {583},
	Year = {2003}}

@article{Nava:2011,
	Author = {Nava, L. and Ghirlanda, G. and Ghisellini, G. and Celotti, A.},
	Date-Added = {2013-08-07 15:05:32 -0500},
	Date-Modified = {2013-08-07 15:07:05 -0500},
	Journal = {MNRAS},
	Pages = {3153},
	Volume = {415},
	Year = {2011}}

@book{knoll,
	Address = {New York},
	Author = {Knoll, G.F.},
	Date-Added = {2013-08-07 13:44:44 -0500},
	Date-Modified = {2013-08-07 13:49:44 -0500},
	Isbn = {9780470131480},
	Lccn = {2010019070},
	Publisher = {John Wiley \& Sons},
	Title = {Radiation Detection and Measurement},
	Url = {http://books.google.com/books?id=4vTJ7UDel5IC},
	Year = {2010},
	Bdsk-Url-1 = {http://books.google.com/books?id=4vTJ7UDel5IC}}

@url{fssc,
	Date-Added = {2013-08-07 13:04:08 -0500},
	Date-Modified = {2013-09-18 22:21:14 -0500},
	Title = {\url{http://fermi.gsfc.nasa.gov/ssc/}},
	Url = {http://fermi.gsfc.nasa.gov/ssc/},
	Bdsk-Url-1 = {http://fermi.gsfc.nasa.gov/ssc/}}

@article{Meegan:2009,
	Author = {Meegan, C. and others},
	Date-Added = {2013-08-05 20:26:16 -0500},
	Date-Modified = {2013-08-05 20:26:43 -0500},
	Journal = {ApJ},
	Pages = {791},
	Volume = {702},
	Year = {2009}}

@article{Atwood:2009,
	Author = {Atwood, W. and others},
	Date-Added = {2013-08-05 20:24:58 -0500},
	Date-Modified = {2013-08-05 20:25:57 -0500},
	Journal = {ApJ},
	Pages = {1071},
	Volume = {697},
	Year = {2009}}

@article{Woosley:1993,
	Author = {Woosley, S.},
	Date-Added = {2013-08-05 20:04:42 -0500},
	Date-Modified = {2013-08-05 20:05:28 -0500},
	Journal = {ApJ},
	Pages = {273},
	Volume = {405},
	Year = {1993}}

@article{Paczynski:1998,
	Author = {Paczynski, B.},
	Date-Added = {2013-08-05 20:03:44 -0500},
	Date-Modified = {2013-08-05 20:04:16 -0500},
	Journal = {ApJ},
	Pages = {L45},
	Volume = {494},
	Year = {1998}}

@article{Eichler:1989,
	Author = {Eichler, D. and Livio, M. and Piran, T. and Schramm, D.},
	Date-Added = {2013-08-05 20:01:49 -0500},
	Date-Modified = {2013-08-05 20:02:43 -0500},
	Journal = {Nature},
	Pages = {126},
	Volume = {340},
	Year = {1989}}

@article{Castro:1999,
	Author = {Castro-Tirado A. and others},
	Date-Added = {2013-08-05 19:59:24 -0500},
	Date-Modified = {2013-08-05 20:00:24 -0500},
	Journal = {Science},
	Pages = {2069},
	Volume = {283},
	Year = {1999}}

@article{Fruchter:1999,
	Author = {Fruchter, A. and others},
	Date-Added = {2013-08-05 19:58:21 -0500},
	Date-Modified = {2013-08-05 19:59:02 -0500},
	Journal = {ApJ},
	Pages = {L13},
	Volume = {519},
	Year = {1999}}

@article{Kulkarni:1999,
	Author = {Kulkarni, S and others},
	Date-Added = {2013-08-05 19:57:18 -0500},
	Date-Modified = {2013-08-05 19:58:00 -0500},
	Journal = {Nature},
	Pages = {389},
	Volume = {398},
	Year = {1999}}

@article{Paradijs:1997,
	Author = {van Paradijs, J. and others},
	Date-Added = {2013-08-05 19:54:17 -0500},
	Date-Modified = {2013-08-05 19:55:16 -0500},
	Journal = {Nature},
	Pages = {686},
	Volume = {386},
	Year = {1997}}

@article{Costa:1997,
	Author = {Costa, E. and others},
	Date-Added = {2013-08-05 19:53:14 -0500},
	Date-Modified = {2013-08-05 19:53:56 -0500},
	Journal = {Nature},
	Pages = {783},
	Volume = {387},
	Year = {1997}}

@article{ck:1993,
	Author = {Kouveliotou, C. and others},
	Date-Added = {2013-08-05 19:50:36 -0500},
	Date-Modified = {2013-08-05 19:51:32 -0500},
	Journal = {ApJ},
	Pages = {L101},
	Volume = {413},
	Year = {1993}}

@article{Kaneko:2006,
	Author = {Kaneko, Y. and others},
	Date-Added = {2013-08-05 19:40:23 -0500},
	Date-Modified = {2013-08-05 19:40:23 -0500},
	Journal = {ApJS},
	Pages = {298},
	Volume = {166},
	Year = {2006}}

@article{Fenimore:1993,
	Author = {Fenimore, E. and others},
	Date-Added = {2013-08-05 19:35:09 -0500},
	Date-Modified = {2013-08-05 19:36:42 -0500},
	Journal = {Nature},
	Pages = {40},
	Volume = {366},
	Year = {1993}}

@article{Fishman:1995,
	Author = {Fishman, G. and Meegan, C.},
	Date-Added = {2013-08-05 19:30:20 -0500},
	Date-Modified = {2013-08-05 19:31:12 -0500},
	Journal = {ARAA},
	Pages = {415},
	Volume = {33},
	Year = {1995}}

@article{Klebesadel:1973,
	Author = {Klebesadel, R. and Strong, I. and Olson, R.},
	Date-Added = {2013-08-05 19:25:03 -0500},
	Date-Modified = {2013-08-05 19:26:20 -0500},
	Journal = {ApJ},
	Pages = {L85},
	Volume = {182},
	Year = {1973}}

@article{zhang:2011:b,
	Author = {Zhang, B.},
	Date-Added = {2013-08-05 19:16:11 -0500},
	Date-Modified = {2013-08-14 14:14:52 -0500},
	Journal = {arXiv},
	Number = {1104.0932},
	Year = {2011}}

@article{preece:1998,
	Author = {Preece, R. D. and others},
	Date-Added = {2013-08-05 18:49:46 -0500},
	Date-Modified = {2013-08-05 18:51:35 -0500},
	Journal = {ApJ},
	Pages = {L23},
	Volume = {506},
	Year = {1998}}

@article{Baring:2012,
	Author = {Summerlin, E. and Baring, M.},
	Date-Added = {2013-07-31 10:03:36 -0500},
	Date-Modified = {2013-07-31 10:04:13 -0500},
	Journal = {ApJ},
	Pages = {63},
	Volume = {745},
	Year = {2012}}

@article{Baring:2011,
	Author = {Baring, M.},
	Date-Added = {2013-07-31 10:01:48 -0500},
	Date-Modified = {2013-07-31 10:03:09 -0500},
	Journal = {Adv. Space. Res.},
	Pages = {1281},
	Volume = {38},
	Year = {2011}}

@article{Baring:1995,
	Author = {Baring, M. and Ellison, D. and Jones, F.},
	Date-Added = {2013-07-31 10:00:56 -0500},
	Date-Modified = {2013-07-31 10:01:46 -0500},
	Journal = {ApJ},
	Pages = {397},
	Volume = {15},
	Year = {1995}}

@article{Ellison:1990,
	Author = {Ellison, D. and Jones, F. and Reynolds, S.},
	Date-Added = {2013-07-31 09:54:43 -0500},
	Date-Modified = {2013-07-31 09:55:41 -0500},
	Journal = {ApJ},
	Pages = {702},
	Volume = {360},
	Year = {1990}}

@article{Ellison:2004,
	Author = {Ellison, D. and Double, G.},
	Date-Added = {2013-07-31 09:53:22 -0500},
	Date-Modified = {2013-07-31 09:55:54 -0500},
	Journal = {Astropart. Phys.},
	Pages = {323},
	Volume = {22},
	Year = {2004}}

@article{Freedman:2001,
	Author = {Freedman, D. and Waxman, E.},
	Date-Added = {2013-07-30 18:49:51 -0500},
	Date-Modified = {2013-07-30 18:50:26 -0500},
	Journal = {ApJ},
	Pages = {922},
	Volume = {547},
	Year = {2001}}

@article{Baring:2004,
	Author = {Baring, M. and Braby, M.},
	Date-Added = {2013-07-30 11:13:05 -0500},
	Date-Modified = {2013-07-30 11:14:56 -0500},
	Journal = {ApJ},
	Pages = {460},
	Volume = {613},
	Year = {2004}}

@article{Blumenthal:1970,
	Author = {Blumenthal, G. and Gould, R.},
	Date-Added = {2013-07-29 08:06:27 -0500},
	Date-Modified = {2013-07-29 08:07:07 -0500},
	Journal = {Phys. Rev.},
	Pages = {273},
	Volume = {42},
	Year = {1970}}

@book{jackson:1998,
	Address = {New York},
	Author = {John David Jacskon},
	Date-Added = {2013-07-29 07:10:58 -0500},
	Date-Modified = {2013-08-07 13:51:41 -0500},
	Edition = {3},
	Publisher = {John Wiley \& Sons},
	Title = {Classical Electrodynamics},
	Year = {1998}}

@article{Kowal:2009,
	Author = {Kowal, G. and Lazarian, A. and Vishniac, E. and Otmianowska-Mazur, K.},
	Date-Added = {2013-07-29 04:58:26 -0500},
	Date-Modified = {2013-07-29 04:59:40 -0500},
	Journal = {ApJ},
	Pages = {63},
	Volume = {700},
	Year = {2009}}

@article{Lazarian:1999,
	Author = {Lazarian, A. and Vishniac, E.},
	Date-Added = {2013-07-29 04:56:43 -0500},
	Date-Modified = {2013-07-29 04:58:20 -0500},
	Journal = {ApJ},
	Pages = {700},
	Volume = {517},
	Year = {1999}}

@article{Parker:1957,
	Author = {Parker, E.},
	Date-Added = {2013-07-29 04:47:38 -0500},
	Date-Modified = {2013-07-29 04:48:35 -0500},
	Journal = {J. Geophys. Res.},
	Pages = {509},
	Volume = {62},
	Year = {1957}}

@article{Sweet:1958,
	Author = {Sweet, P.},
	Date-Added = {2013-07-29 04:45:58 -0500},
	Date-Modified = {2013-07-29 04:47:31 -0500},
	Journal = {IAU Symp.},
	Pages = {123},
	Volume = {6},
	Year = {1958}}

@article{zhang:2011,
	Author = {Zhang, B. and Yan, H.},
	Date-Added = {2013-07-29 04:24:59 -0500},
	Date-Modified = {2013-08-14 14:14:59 -0500},
	Journal = {ApJ},
	Pages = {90},
	Volume = {726},
	Year = {2011}}

@article{Meszaros:1997b,
	Author = {M\'esz\'aros, P. and Rees, M. J.},
	Date-Added = {2013-07-29 04:23:29 -0500},
	Date-Modified = {2013-07-29 04:24:20 -0500},
	Journal = {ApJ},
	Pages = {L29},
	Volume = {482},
	Year = {1997}}

@article{Meszaros:1994,
	Author = {M\'esz\'aros, P. and Rees, M. J. and Papathanassiou},
	Date-Added = {2013-07-29 04:19:50 -0500},
	Date-Modified = {2013-07-29 04:20:55 -0500},
	Journal = {ApJ},
	Pages = {181},
	Volume = {432},
	Year = {1994},
	Bdsk-File-1 = {YnBsaXN0MDDUAQIDBAUGJCVYJHZlcnNpb25YJG9iamVjdHNZJGFyY2hpdmVyVCR0b3ASAAGGoKgHCBMUFRYaIVUkbnVsbNMJCgsMDRBWJGNsYXNzV05TLmtleXNaTlMub2JqZWN0c4AHog4PgAKAA6IREoAEgAVccmVsYXRpdmVQYXRoWWFsaWFzRGF0YV8QLy4uLy4uL0Rvd25sb2Fkcy9IaWdoX0VuZXJneV9Bc3Ryb3BoeXNpY3MuYmlidGV40gkXGBlXTlMuZGF0YYAGTxEBrAAAAAABrAACAAAEQ29yZQAAAAAAAAAAAAAAAAAAAAAAAAAAAAAAyR7MykgrAAAACYyZH0hpZ2hfRW5lcmd5X0FzdHJvcGh5c2ljcy5iaWJ0ZXgAAAAAAAAAAAAAAAAAAAAAAAAAAAAAAAAAAAAAAAAAAAU+pRXOMUf2AAAAAAAAAAAAAgACAAAJIAAAAAAAAAAAAAAAAAAAAAlEb3dubG9hZHMAABAACAAAyR8hKgAAABEACAAAzjGORgAAAAEADAAJjJkACYyJAACTLAACAD1Db3JlOlVzZXJzOmpidXJnZXNzOkRvd25sb2FkczpIaWdoX0VuZXJneV9Bc3Ryb3BoeXNpY3MuYmlidGV4AAAOAEAAHwBIAGkAZwBoAF8ARQBuAGUAcgBnAHkAXwBBAHMAdAByAG8AcABoAHkAcwBpAGMAcwAuAGIAaQBiAHQAZQB4AA8ACgAEAEMAbwByAGUAEgA4VXNlcnMvamJ1cmdlc3MvRG93bmxvYWRzL0hpZ2hfRW5lcmd5X0FzdHJvcGh5c2ljcy5iaWJ0ZXgAEwABLwAAFQACAA///wAA0hscHR5aJGNsYXNzbmFtZVgkY2xhc3Nlc11OU011dGFibGVEYXRhox0fIFZOU0RhdGFYTlNPYmplY3TSGxwiI1xOU0RpY3Rpb25hcnmiIiBfEA9OU0tleWVkQXJjaGl2ZXLRJidUcm9vdIABAAgAEQAaACMALQAyADcAQABGAE0AVABcAGcAaQBsAG4AcABzAHUAdwCEAI4AwADFAM0AzwJ/AoQCjwKYAqYCqgKxAroCvwLMAs8C4QLkAukAAAAAAAACAQAAAAAAAAAoAAAAAAAAAAAAAAAAAAAC6w==}}

@article{Thompson:1994,
	Author = {Thompson, C.},
	Date-Added = {2013-07-29 04:14:37 -0500},
	Date-Modified = {2013-07-29 04:15:15 -0500},
	Journal = {MNRAS},
	Pages = {480},
	Volume = {270},
	Year = {1994}}

@article{Usov:1994,
	Author = {Usov, V.},
	Date-Added = {2013-07-29 04:12:01 -0500},
	Date-Modified = {2013-07-29 04:12:44 -0500},
	Journal = {MNRAS},
	Pages = {1035},
	Volume = {267},
	Year = {1994}}

@article{Spitkovsky:2008,
	Author = {Spitkovsky, A.},
	Date-Added = {2013-07-29 02:58:44 -0500},
	Date-Modified = {2013-08-13 21:28:50 -0500},
	Journal = {ApJ},
	Pages = {L5},
	Volume = {682},
	Year = {2008}}

@article{Ostrowski:2002,
	Author = {Ostrowski, M. and Bednarz, J.},
	Date-Added = {2013-07-29 01:50:26 -0500},
	Date-Modified = {2013-07-29 01:52:36 -0500},
	Journal = {A\&A},
	Pages = {1141},
	Volume = {394},
	Year = {2002}}

@article{Waxman:1997,
	Author = {Waxman, E.},
	Date-Added = {2013-07-29 01:48:52 -0500},
	Date-Modified = {2013-07-29 01:49:24 -0500},
	Journal = {ApJ},
	Pages = {L5},
	Volume = {485},
	Year = {1997}}

@article{Bednarz:1998,
	Author = {Bednarz, J. and Ostrowski, M.},
	Date-Added = {2013-07-29 01:43:28 -0500},
	Date-Modified = {2013-07-29 01:44:42 -0500},
	Journal = {Phys. Rev. Lett.},
	Pages = {3911},
	Volume = {80},
	Year = {1998}}

@article{Achterberg:2001,
	Author = {Achterberg, A. and Gallant, Y. and Kirk, J. and Guthmann, A.},
	Date-Added = {2013-07-29 01:39:57 -0500},
	Date-Modified = {2013-07-29 01:41:41 -0500},
	Journal = {MNRAS},
	Pages = {393},
	Volume = {328},
	Year = {2001}}

@article{Kirk:1989,
	Author = {Kirk, J. and Heavens, A.},
	Date-Added = {2013-07-29 00:28:00 -0500},
	Date-Modified = {2013-07-29 00:28:47 -0500},
	Journal = {MNRAS},
	Pages = {995},
	Volume = {239},
	Year = {1989}}

@article{Kirk:1987,
	Author = {Kirk, J. and Schneider, P.},
	Date-Added = {2013-07-29 00:26:59 -0500},
	Date-Modified = {2013-07-29 00:27:57 -0500},
	Journal = {ApJ},
	Pages = {425},
	Volume = {315},
	Year = {1987}}

@article{Axford:1981,
	Author = {Axford, I.},
	Date-Added = {2013-07-29 00:18:40 -0500},
	Date-Modified = {2013-07-29 00:21:22 -0500},
	Journal = {ICR},
	Pages = {155},
	Volume = {12},
	Year = {1981}}

@article{Krymskii:1977,
	Author = {Krymskii, G.},
	Date-Added = {2013-07-29 00:15:43 -0500},
	Date-Modified = {2013-07-29 00:18:31 -0500},
	Journal = {ApAN},
	Pages = {1306},
	Volume = {234},
	Year = {1977}}

@article{Blandford:1978,
	Author = {Blandford, R. and Ostriker, J.},
	Date-Added = {2013-07-29 00:14:06 -0500},
	Date-Modified = {2013-07-29 00:15:14 -0500},
	Journal = {ApJ},
	Pages = {L29},
	Volume = {221},
	Year = {1978}}

@article{Bell:1978b,
	Author = {Bell, A.},
	Date-Added = {2013-07-29 00:13:27 -0500},
	Date-Modified = {2013-07-29 00:14:03 -0500},
	Journal = {MNRAS},
	Pages = {443},
	Volume = {182},
	Year = {1978}}

@article{Bell:1978a,
	Author = {Bell, A.},
	Date-Added = {2013-07-29 00:12:33 -0500},
	Date-Modified = {2013-07-29 00:13:22 -0500},
	Journal = {MNRAS},
	Pages = {147},
	Volume = {182},
	Year = {1978}}

@article{Fermi:1949,
	Author = {Fermi, E.},
	Date-Added = {2013-07-28 23:51:25 -0500},
	Date-Modified = {2013-07-28 23:52:02 -0500},
	Journal = {Phys. Rev.},
	Pages = {1169},
	Volume = {75},
	Year = {1949}}

@article{Peer:2005,
	Author = {Pe'er, A. and M\'esz\'aros, P. and Rees, MJ},
	Date-Added = {2013-07-28 23:38:23 -0500},
	Date-Modified = {2013-07-28 23:39:06 -0500},
	Journal = {ApJ},
	Pages = {476},
	Volume = {635},
	Year = {2005}}

@article{Beloborodov:2003,
	Author = {Beloborodov, A.},
	Date-Added = {2013-07-28 23:18:46 -0500},
	Date-Modified = {2013-07-28 23:19:41 -0500},
	Journal = {ApJ},
	Pages = {931},
	Volume = {588},
	Year = {2003}}

@article{Blandford:1976,
	Author = {Blandford, R. and McKee C.},
	Date-Added = {2013-07-28 23:00:37 -0500},
	Date-Modified = {2013-07-28 23:01:33 -0500},
	Journal = {Phys. Fluids},
	Pages = {1130},
	Volume = {19},
	Year = {1976}}

@article{Rees:1992,
	Author = {Rees, MJ and M\'esz\'aros, P.},
	Date-Added = {2013-07-28 22:25:42 -0500},
	Date-Modified = {2013-07-28 22:26:57 -0500},
	Journal = {MNRAS},
	Pages = {P41},
	Volume = {258},
	Year = {1992}}

@article{Sari:1997,
	Author = {Sari, R and Piran, T.},
	Date-Added = {2013-07-28 22:05:28 -0500},
	Date-Modified = {2013-07-28 22:06:05 -0500},
	Journal = {ApJ},
	Pages = {270},
	Volume = {485},
	Year = {1997}}

@article{Spada:2000,
	Author = {Spada, M. and Panaitescu, A. and M\'esz\'aros, P},
	Date-Added = {2013-07-28 18:32:39 -0500},
	Date-Modified = {2013-07-28 18:33:28 -0500},
	Journal = {ApJ},
	Pages = {824},
	Volume = {537},
	Year = {2000}}

@article{Guetta:2001,
	Author = {Guetta, D. and Spada, M. and Waxman, E.},
	Date-Added = {2013-07-28 18:29:27 -0500},
	Date-Modified = {2013-07-28 18:30:19 -0500},
	Journal = {ApJ},
	Pages = {399},
	Volume = {557},
	Year = {2001}}

@article{Daigne:1998,
	Author = {Daigne, F. and Mochkovitch, R.},
	Date-Added = {2013-07-28 18:00:51 -0500},
	Date-Modified = {2013-07-28 18:02:08 -0500},
	Journal = {MNRAS},
	Pages = {275},
	Volume = {296},
	Year = {1998}}

@article{Rees:1994,
	Author = {Rees, MJ and M\'esz\'aros, P},
	Date-Added = {2013-07-28 17:59:25 -0500},
	Date-Modified = {2013-07-28 18:00:19 -0500},
	Journal = {ApJ},
	Pages = {L93},
	Volume = {430},
	Year = {1994}}

@article{peer:2008,
	Author = {Pe'er, A.},
	Date-Added = {2013-07-28 17:28:16 -0500},
	Date-Modified = {2013-07-28 17:28:53 -0500},
	Journal = {ApJ},
	Pages = {463},
	Volume = {463},
	Year = {2008}}

@article{Paczynski:1990,
	Author = {Paczynski, B.},
	Date-Added = {2013-07-28 17:15:21 -0500},
	Date-Modified = {2013-07-28 17:16:44 -0500},
	Journal = {ApJ},
	Pages = {218},
	Volume = {363},
	Year = {1990}}

@article{Shemi:1990,
	Author = {Shemi, A. and Piran, T.},
	Date-Added = {2013-07-28 17:08:58 -0500},
	Date-Modified = {2013-07-28 17:09:38 -0500},
	Journal = {ApJ},
	Pages = {L55},
	Volume = {365},
	Year = {1990}}

@article{Meszaros:1993,
	Author = {M\'esz\'aros, P and Laguna, P and Rees, MJ},
	Date-Added = {2013-07-26 16:32:23 -0500},
	Date-Modified = {2013-07-26 16:33:48 -0500},
	Journal = {ApJ},
	Pages = {181},
	Volume = {414},
	Year = {1993}}

@article{meszaros:2006,
	Author = {M\'esz\'aros, P},
	Date-Added = {2013-07-25 17:03:14 -0500},
	Date-Modified = {2013-07-25 17:04:24 -0500},
	Journal = {Reports on Progress in Physics},
	Pages = {2259},
	Volume = {69},
	Year = {2006}}

@book{rybicki:1979,
	Address = {New York},
	Author = {Rybicki, M. J. and Lightman, A.},
	Date-Added = {2013-07-25 16:52:20 -0500},
	Date-Modified = {2013-08-07 13:51:58 -0500},
	Publisher = {John Wiley \& Sons},
	Title = {Radiative Processes in Astrophysics},
	Year = {1979}}

@article{Paczynski:1986,
	Author = {Paczynski, B.},
	Date-Added = {2013-07-25 13:22:37 -0500},
	Date-Modified = {2013-07-25 13:23:24 -0500},
	Journal = {ApJ},
	Pages = {L43},
	Volume = {308},
	Year = {1986}}

@article{cavallo:1978,
	Author = {Cavallo, G. and Rees, M},
	Date-Added = {2013-07-25 13:18:41 -0500},
	Date-Modified = {2013-07-25 13:20:32 -0500},
	Journal = {MNRAS},
	Pages = {359},
	Volume = {183},
	Year = {1978}}

@inproceedings{1982ans..conf..229R,
	Adsnote = {Provided by the SAO/NASA Astrophysics Data System},
	Adsurl = {http://adsabs.harvard.edu/abs/1982ans..conf..229R},
	Author = {{Rieger}, E.},
	Booktitle = {Accreting Neutron Stars},
	Date-Modified = {2013-09-18 22:22:36 -0500},
	Editor = {{Brinkmann}, W. and {Truemper}, J.},
	Keywords = {COSMIC RAYS, GAMMA RAY ASTRONOMY, GAMMA RAY BURSTS, SOLAR MAXIMUM MISSION, EMISSION SPECTRA, ENERGY SPECTRA, GAMMA RAY SPECTRA, GAMMA RAY SPECTROMETERS},
	Month = oct,
	Pages = {229},
	Year = 1982}

@inproceedings{1984BAAS...16..447N,
	Adsnote = {Provided by the SAO/NASA Astrophysics Data System},
	Adsurl = {http://adsabs.harvard.edu/abs/1984BAAS...16..447N},
	Author = {{Norris}, J.~P. and {Cline}, T.~L. and {Desai}, U.~D. and {Dennis}, B.~R.},
	Booktitle = {Bulletin of the American Astronomical Society},
	Date-Modified = {2013-09-18 22:22:26 -0500},
	Month = mar,
	Pages = {447},
	Series = {Bulletin of the American Astronomical Society},
	Volume = 16,
	Year = 1984}

@article{1986AdSpR...6..191K,
	Adsnote = {Provided by the SAO/NASA Astrophysics Data System},
	Adsurl = {http://adsabs.harvard.edu/abs/1986AdSpR...6..191K},
	Author = {{Kouveliotou}, C. and {Cline}, T.~L. and {Desai}, U.~D. and {Dennis}, B.~R. and {Orwig}, L.~E.},
	Date-Modified = {2013-09-18 22:23:46 -0500},
	Doi = {10.1016/0273-1177(86)90292-9},
	Journal = {Adv. Space. Res.},
	Keywords = {GAMMA RAY BURSTS, SOLAR MAXIMUM MISSION, X RAY SPECTROSCOPY, GALACTIC NUCLEI, SPECTRUM ANALYSIS},
	Pages = {191},
	Volume = 6,
	Year = 1986,
	Bdsk-Url-1 = {http://dx.doi.org/10.1016/0273-1177(86)90292-9}}

@article{1979KosIs..17..812M,
	Adsnote = {Provided by the SAO/NASA Astrophysics Data System},
	Adsurl = {http://adsabs.harvard.edu/abs/1979KosIs..17..812M},
	Author = {{Mazets}, E.~P. and others},
	Date-Modified = {2013-09-18 22:23:34 -0500},
	Journal = {Kosmicheskie Issledovaniia},
	Keywords = {COSMIC RAYS, GAMMA RAYS, VENERA SATELLITES, ASTRONOMICAL SPECTROSCOPY, EDDINGTON APPROXIMATION, ENERGY SPECTRA, MILKY WAY GALAXY, POSITION (LOCATION), SCINTILLATION COUNTERS, SIGNAL ANALYZERS},
	Month = sep,
	Pages = {812-819},
	Volume = 17,
	Year = 1979}

@article{1981Ap&SS..80...85M,
	Adsnote = {Provided by the SAO/NASA Astrophysics Data System},
	Adsurl = {http://adsabs.harvard.edu/abs/1981Ap%26SS..80...85M},
	Author = {{Mazets}, E.~P. and others},
	Date-Modified = {2013-09-18 22:23:09 -0500},
	Doi = {10.1007/BF00649141},
	Journal = {apss},
	Month = nov,
	Pages = {85-117},
	Volume = 80,
	Year = 1981,
	Bdsk-Url-1 = {http://dx.doi.org/10.1007/BF00649141}}
