%% This BibTeX bibliography file was created using BibDesk.
%% http://bibdesk.sourceforge.net/


%% Created for Michael Burgess at 2013-07-25 13:28:15 -0500 


%% Saved with string encoding Unicode (UTF-8) 



@article{Paczynski:1986,
	Author = {Paczynski, B.},
	Date-Added = {2013-07-25 13:22:37 -0500},
	Date-Modified = {2013-07-25 13:23:24 -0500},
	Journal = {ApJ},
	Pages = {L43},
	Volume = {308},
	Year = {1986}}

@article{Goodman:1986,
	Author = {Goodman, J},
	Date-Added = {2013-07-25 13:20:44 -0500},
	Date-Modified = {2013-07-25 13:22:09 -0500},
	Journal = {ApJ},
	Pages = {L47},
	Volume = {308},
	Year = {1986}}

@article{cavallo:1978,
	Author = {Cavallo, G. and Rees, M},
	Date-Added = {2013-07-25 13:18:41 -0500},
	Date-Modified = {2013-07-25 13:20:32 -0500},
	Journal = {MNRAS},
	Pages = {359},
	Volume = {183},
	Year = {1978}}
